<collection xmlns="http://www.loc.gov/MARC21/slim">
<record>
  <leader>01826nam0a2200349 i 450 </leader>
  <controlfield tag="001">IT\ICCU\CNCE\020534</controlfield>
  <controlfield tag="005">20080414000000.0</controlfield>
  <datafield tag="012" ind1=" " ind2=" ">
    <subfield code="a">2222 4343 a.72 2423 (3) 1560 (A)</subfield>
    <subfield code="2">fei</subfield>
  </datafield>
  <datafield tag="100" ind1=" " ind2=" ">
    <subfield code="a">19970101d1560        0itac0103    ba</subfield>
  </datafield>
  <datafield tag="101" ind1=" " ind2=" ">
    <subfield code="a">LAT</subfield>
  </datafield>
  <datafield tag="102" ind1=" " ind2=" ">
    <subfield code="a">IT</subfield>
  </datafield>
  <datafield tag="200" ind1="1" ind2=" ">
    <subfield code="a">℗Lucae Gaurici ℗Tractatus iudicandi conversiones sive revolutiones nativitatum</subfield>
  </datafield>
  <datafield tag="210" ind1=" " ind2=" ">
    <subfield code="a">Romae</subfield>
    <subfield code="c">Vincentius Luchinus excudebat</subfield>
    <subfield code="d">1560</subfield>
    <subfield code="e">apud Antonium Bladum impessorem cameralem</subfield>
    <subfield code="h">1558</subfield>
  </datafield>
  <datafield tag="215" ind1=" " ind2=" ">
    <subfield code="a">100 c.</subfield>
    <subfield code="d">4ʻ</subfield>
  </datafield>
  <datafield tag="620" ind1=" " ind2=" ">
    <subfield code="a">IT</subfield>
    <subfield code="d">Roma</subfield>
  </datafield>
  <datafield tag="700" ind1=" " ind2="1">
    <subfield code="a">Gaurico,</subfield>
    <subfield code="b">Luca</subfield>
    <subfield code="3">IT\ICCU\CNCA\000133</subfield>
  </datafield>
  <datafield tag="712" ind1="0" ind2="0">
    <subfield code="a">Luchino, Vincenzo</subfield>
    <subfield code="3">IT\ICCU\CNCT\000408</subfield>
    <subfield code="4">650</subfield>
  </datafield>
  <datafield tag="712" ind1="0" ind2="0">
    <subfield code="a">Blado, Antonio</subfield>
    <subfield code="3">IT\ICCU\CNCT\000157</subfield>
    <subfield code="4">650</subfield>
  </datafield>
  <datafield tag="790" ind1=" " ind2="1">
    <subfield code="a">Gauricus,</subfield>
    <subfield code="b">Lucas</subfield>
    <subfield code="3">IT\ICCU\CNCA\019109</subfield>
    <subfield code="z">Gaurico, Luca</subfield>
  </datafield>
  <datafield tag="791" ind1="0" ind2="0">
    <subfield code="a">Lucrinus, Vincentius</subfield>
    <subfield code="3">IT\ICCU\CNCT\002733</subfield>
    <subfield code="z">Luchino, Vincenzo</subfield>
  </datafield>
  <datafield tag="791" ind1="0" ind2="0">
    <subfield code="a">Lucchinus, Vincentius</subfield>
    <subfield code="3">IT\ICCU\CNCT\003946</subfield>
    <subfield code="z">Luchino, Vincenzo</subfield>
  </datafield>
  <datafield tag="791" ind1="0" ind2="0">
    <subfield code="a">Lucchino, Vincenzo</subfield>
    <subfield code="3">IT\ICCU\CNCT\004980</subfield>
    <subfield code="z">Luchino, Vincenzo</subfield>
  </datafield>
  <datafield tag="791" ind1="0" ind2="0">
    <subfield code="a">Lucrino, Vincenzo</subfield>
    <subfield code="3">IT\ICCU\CNCT\004981</subfield>
    <subfield code="z">Luchino, Vincenzo</subfield>
  </datafield>
  <datafield tag="791" ind1="0" ind2="0">
    <subfield code="a">Luchinus, Vincentius</subfield>
    <subfield code="3">IT\ICCU\CNCT\004982</subfield>
    <subfield code="z">Luchino, Vincenzo</subfield>
  </datafield>
  <datafield tag="791" ind1="0" ind2="2">
    <subfield code="a">Antonio d&apos;Asola</subfield>
    <subfield code="3">IT\ICCU\CNCT\003628</subfield>
    <subfield code="z">Blado, Antonio</subfield>
  </datafield>
  <datafield tag="791" ind1="0" ind2="0">
    <subfield code="a">Bladus, Antonius</subfield>
    <subfield code="3">IT\ICCU\CNCT\004402</subfield>
    <subfield code="z">Blado, Antonio</subfield>
  </datafield>
  <datafield tag="791" ind1="0" ind2="0">
    <subfield code="a">Bladi, Antonio de</subfield>
    <subfield code="3">IT\ICCU\CNCT\004403</subfield>
    <subfield code="z">Blado, Antonio</subfield>
  </datafield>
  <datafield tag="801" ind1=" " ind2="3">
    <subfield code="a">IT</subfield>
    <subfield code="b">ICCU</subfield>
    <subfield code="c">20201114</subfield>
  </datafield>
  <datafield tag="899" ind1=" " ind2=" ">
    <subfield code="a">Biblioteca nazionale centrale. Firenze</subfield>
    <subfield code="1">FI0098</subfield>
    <subfield code="2">CFI CF</subfield>
  </datafield>
  <datafield tag="899" ind1=" " ind2=" ">
    <subfield code="a">Biblioteca Vallicelliana. Roma</subfield>
    <subfield code="1">RM0281</subfield>
    <subfield code="2">RML 08</subfield>
  </datafield>
  <datafield tag="911" ind1=" " ind2=" ">
    <subfield code="a">Sul front.</subfield>
    <subfield code="9">IT\ICCU\CNCM\001124</subfield>
  </datafield>
  <datafield tag="921" ind1=" " ind2=" ">
    <subfield code="a">IT\ICCU\CNCM\001124</subfield>
    <subfield code="b">Serpente attorcigliato fra rami di palma e olivo che formano un ovale. In alto una colomba regge un anello gemmato. In basso da un tronco escono due serpenti.</subfield>
    <subfield code="e">Fortes fortuna adiuvat</subfield>
    <subfield code="c">U157</subfield>
    <subfield code="d">Dimensioni: 8 x 10,8</subfield>
    <subfield code="f">SERPENTE</subfield>
    <subfield code="f">FORTESFORT</subfield>
    <subfield code="f">COLOMBA</subfield>
    <subfield code="g">1555-1562</subfield>
  </datafield>
</record>
</collection>
